%YAML 1.1
%TAG !u! tag:unity3d.com,2011:
--- !u!1 &1481453091114859299
GameObject:
  m_ObjectHideFlags: 0
  m_CorrespondingSourceObject: {fileID: 0}
  m_PrefabInstance: {fileID: 0}
  m_PrefabAsset: {fileID: 0}
  serializedVersion: 6
  m_Component:
  - component: {fileID: 9116183461368455593}
  - component: {fileID: 164846138449066205}
  m_Layer: 0
  m_Name: CatapultUpgradedTurret
  m_TagString: Untagged
  m_Icon: {fileID: 0}
  m_NavMeshLayer: 0
  m_StaticEditorFlags: 0
  m_IsActive: 1
--- !u!4 &9116183461368455593
Transform:
  m_ObjectHideFlags: 0
  m_CorrespondingSourceObject: {fileID: 0}
  m_PrefabInstance: {fileID: 0}
  m_PrefabAsset: {fileID: 0}
  m_GameObject: {fileID: 1481453091114859299}
  m_LocalRotation: {x: 0, y: 0, z: 0, w: 1}
  m_LocalPosition: {x: 0, y: 0.5, z: 0}
  m_LocalScale: {x: 1, y: 1, z: 1}
  m_Children:
  - {fileID: 7202929412669228418}
  - {fileID: 8349915606208065966}
  m_Father: {fileID: 0}
  m_RootOrder: 0
  m_LocalEulerAnglesHint: {x: 0, y: 0, z: 0}
--- !u!114 &164846138449066205
MonoBehaviour:
  m_ObjectHideFlags: 0
  m_CorrespondingSourceObject: {fileID: 0}
  m_PrefabInstance: {fileID: 0}
  m_PrefabAsset: {fileID: 0}
  m_GameObject: {fileID: 1481453091114859299}
  m_Enabled: 1
  m_EditorHideFlags: 0
  m_Script: {fileID: 11500000, guid: c130b3859ecc6c94da1a3268ad0e351e, type: 3}
  m_Name: 
  m_EditorClassIdentifier: 
  range: 25
  fireRate: 0.25
  turnSpeed: 5
  partToRatate: {fileID: 7202929412669228418}
  enemyTag: Enemy
  ammoPrefab: {fileID: 2420701617029343585, guid: 91868040f4e5d5d4495a0174aa4e9520, type: 3}
  firingPoint: {fileID: 8349915606208065966}
--- !u!1 &7252216563624686046
GameObject:
  m_ObjectHideFlags: 0
  m_CorrespondingSourceObject: {fileID: 0}
  m_PrefabInstance: {fileID: 0}
  m_PrefabAsset: {fileID: 0}
  serializedVersion: 6
  m_Component:
  - component: {fileID: 7202929412669228418}
  m_Layer: 0
  m_Name: Rotation
  m_TagString: Untagged
  m_Icon: {fileID: 0}
  m_NavMeshLayer: 0
  m_StaticEditorFlags: 0
  m_IsActive: 1
--- !u!4 &7202929412669228418
Transform:
  m_ObjectHideFlags: 0
  m_CorrespondingSourceObject: {fileID: 0}
  m_PrefabInstance: {fileID: 0}
  m_PrefabAsset: {fileID: 0}
  m_GameObject: {fileID: 7252216563624686046}
  m_LocalRotation: {x: 0, y: 0, z: 0, w: 1}
  m_LocalPosition: {x: 0, y: 0, z: 0}
  m_LocalScale: {x: 1, y: 1, z: 1}
  m_Children:
  - {fileID: 8006313141992722923}
  - {fileID: 6184380654236385509}
  - {fileID: 8959770623003759120}
  m_Father: {fileID: 9116183461368455593}
  m_RootOrder: 0
  m_LocalEulerAnglesHint: {x: 0, y: 0, z: 0}
--- !u!1 &7917598536823440388
GameObject:
  m_ObjectHideFlags: 0
  m_CorrespondingSourceObject: {fileID: 0}
  m_PrefabInstance: {fileID: 0}
  m_PrefabAsset: {fileID: 0}
  serializedVersion: 6
  m_Component:
  - component: {fileID: 8349915606208065966}
  m_Layer: 0
  m_Name: Catapult spawn point
  m_TagString: Untagged
  m_Icon: {fileID: 0}
  m_NavMeshLayer: 0
  m_StaticEditorFlags: 0
  m_IsActive: 1
--- !u!4 &8349915606208065966
Transform:
  m_ObjectHideFlags: 0
  m_CorrespondingSourceObject: {fileID: 0}
  m_PrefabInstance: {fileID: 0}
  m_PrefabAsset: {fileID: 0}
  m_GameObject: {fileID: 7917598536823440388}
  m_LocalRotation: {x: -0, y: -0.7071068, z: -0, w: 0.7071068}
  m_LocalPosition: {x: 0.06999982, y: 1.72, z: -1.16}
  m_LocalScale: {x: 1, y: 1, z: 1}
  m_Children: []
  m_Father: {fileID: 9116183461368455593}
  m_RootOrder: 1
  m_LocalEulerAnglesHint: {x: 0, y: 0, z: 0}
--- !u!1001 &5934033525374428942
PrefabInstance:
  m_ObjectHideFlags: 0
  serializedVersion: 2
  m_Modification:
    m_TransformParent: {fileID: 7202929412669228418}
    m_Modifications:
    - target: {fileID: -8952833346479522371, guid: fd301bc97e4a1b04e8aa7670e23271e5, type: 3}
      propertyPath: m_LocalRotation.w
      value: 0.7071068
      objectReference: {fileID: 0}
    - target: {fileID: -8952833346479522371, guid: fd301bc97e4a1b04e8aa7670e23271e5, type: 3}
      propertyPath: m_LocalRotation.x
      value: 0.7071068
      objectReference: {fileID: 0}
    - target: {fileID: -8952833346479522371, guid: fd301bc97e4a1b04e8aa7670e23271e5, type: 3}
      propertyPath: m_LocalRotation.y
      value: 0
      objectReference: {fileID: 0}
    - target: {fileID: -8952833346479522371, guid: fd301bc97e4a1b04e8aa7670e23271e5, type: 3}
      propertyPath: m_LocalRotation.z
      value: 0
      objectReference: {fileID: 0}
    - target: {fileID: -8952833346479522371, guid: fd301bc97e4a1b04e8aa7670e23271e5, type: 3}
      propertyPath: m_LocalEulerAnglesHint.x
      value: 90
      objectReference: {fileID: 0}
    - target: {fileID: -8679921383154817045, guid: fd301bc97e4a1b04e8aa7670e23271e5, type: 3}
      propertyPath: m_RootOrder
      value: 1
      objectReference: {fileID: 0}
    - target: {fileID: -8679921383154817045, guid: fd301bc97e4a1b04e8aa7670e23271e5, type: 3}
      propertyPath: m_LocalScale.x
      value: 0.40000013
      objectReference: {fileID: 0}
    - target: {fileID: -8679921383154817045, guid: fd301bc97e4a1b04e8aa7670e23271e5, type: 3}
      propertyPath: m_LocalScale.y
      value: 0.4
      objectReference: {fileID: 0}
    - target: {fileID: -8679921383154817045, guid: fd301bc97e4a1b04e8aa7670e23271e5, type: 3}
      propertyPath: m_LocalScale.z
      value: 0.40000013
      objectReference: {fileID: 0}
    - target: {fileID: -8679921383154817045, guid: fd301bc97e4a1b04e8aa7670e23271e5, type: 3}
      propertyPath: m_LocalPosition.x
      value: -1.51
      objectReference: {fileID: 0}
    - target: {fileID: -8679921383154817045, guid: fd301bc97e4a1b04e8aa7670e23271e5, type: 3}
      propertyPath: m_LocalPosition.y
      value: 0
      objectReference: {fileID: 0}
    - target: {fileID: -8679921383154817045, guid: fd301bc97e4a1b04e8aa7670e23271e5, type: 3}
      propertyPath: m_LocalPosition.z
      value: -2.532
      objectReference: {fileID: 0}
    - target: {fileID: -8679921383154817045, guid: fd301bc97e4a1b04e8aa7670e23271e5, type: 3}
      propertyPath: m_LocalRotation.w
      value: 0
      objectReference: {fileID: 0}
    - target: {fileID: -8679921383154817045, guid: fd301bc97e4a1b04e8aa7670e23271e5, type: 3}
      propertyPath: m_LocalRotation.x
      value: -0
      objectReference: {fileID: 0}
    - target: {fileID: -8679921383154817045, guid: fd301bc97e4a1b04e8aa7670e23271e5, type: 3}
      propertyPath: m_LocalRotation.y
      value: 1
      objectReference: {fileID: 0}
    - target: {fileID: -8679921383154817045, guid: fd301bc97e4a1b04e8aa7670e23271e5, type: 3}
      propertyPath: m_LocalRotation.z
      value: -0
      objectReference: {fileID: 0}
    - target: {fileID: -8679921383154817045, guid: fd301bc97e4a1b04e8aa7670e23271e5, type: 3}
      propertyPath: m_LocalEulerAnglesHint.x
      value: 0
      objectReference: {fileID: 0}
    - target: {fileID: -8679921383154817045, guid: fd301bc97e4a1b04e8aa7670e23271e5, type: 3}
      propertyPath: m_LocalEulerAnglesHint.y
      value: 180
      objectReference: {fileID: 0}
    - target: {fileID: -8679921383154817045, guid: fd301bc97e4a1b04e8aa7670e23271e5, type: 3}
      propertyPath: m_LocalEulerAnglesHint.z
      value: 0
      objectReference: {fileID: 0}
    - target: {fileID: -1662959652027299882, guid: fd301bc97e4a1b04e8aa7670e23271e5, type: 3}
      propertyPath: m_LocalRotation.w
      value: 0.7071068
      objectReference: {fileID: 0}
    - target: {fileID: -1662959652027299882, guid: fd301bc97e4a1b04e8aa7670e23271e5, type: 3}
      propertyPath: m_LocalRotation.x
      value: 0.7071068
      objectReference: {fileID: 0}
    - target: {fileID: -1662959652027299882, guid: fd301bc97e4a1b04e8aa7670e23271e5, type: 3}
      propertyPath: m_LocalRotation.y
      value: 0
      objectReference: {fileID: 0}
    - target: {fileID: -1662959652027299882, guid: fd301bc97e4a1b04e8aa7670e23271e5, type: 3}
      propertyPath: m_LocalRotation.z
      value: 0
      objectReference: {fileID: 0}
    - target: {fileID: -1662959652027299882, guid: fd301bc97e4a1b04e8aa7670e23271e5, type: 3}
      propertyPath: m_LocalEulerAnglesHint.x
      value: 90
      objectReference: {fileID: 0}
    - target: {fileID: 919132149155446097, guid: fd301bc97e4a1b04e8aa7670e23271e5, type: 3}
      propertyPath: m_Name
      value: knightRed
      objectReference: {fileID: 0}
    m_RemovedComponents: []
  m_SourcePrefab: {fileID: 100100000, guid: fd301bc97e4a1b04e8aa7670e23271e5, type: 3}
--- !u!4 &6184380654236385509 stripped
Transform:
  m_CorrespondingSourceObject: {fileID: -8679921383154817045, guid: fd301bc97e4a1b04e8aa7670e23271e5, type: 3}
  m_PrefabInstance: {fileID: 5934033525374428942}
  m_PrefabAsset: {fileID: 0}
--- !u!1001 &8729119566565095118
PrefabInstance:
  m_ObjectHideFlags: 0
  serializedVersion: 2
  m_Modification:
    m_TransformParent: {fileID: 7202929412669228418}
    m_Modifications:
    - target: {fileID: 615927481964651285, guid: 1d2162818cc1bd94f89fa24c476d16a9, type: 3}
      propertyPath: m_LocalRotation.w
      value: 1
      objectReference: {fileID: 0}
    - target: {fileID: 1601078720653862693, guid: 1d2162818cc1bd94f89fa24c476d16a9, type: 3}
      propertyPath: m_RootOrder
      value: 0
      objectReference: {fileID: 0}
    - target: {fileID: 1601078720653862693, guid: 1d2162818cc1bd94f89fa24c476d16a9, type: 3}
      propertyPath: m_LocalScale.x
      value: 5
      objectReference: {fileID: 0}
    - target: {fileID: 1601078720653862693, guid: 1d2162818cc1bd94f89fa24c476d16a9, type: 3}
      propertyPath: m_LocalScale.y
      value: 5
      objectReference: {fileID: 0}
    - target: {fileID: 1601078720653862693, guid: 1d2162818cc1bd94f89fa24c476d16a9, type: 3}
      propertyPath: m_LocalScale.z
      value: 5
      objectReference: {fileID: 0}
    - target: {fileID: 1601078720653862693, guid: 1d2162818cc1bd94f89fa24c476d16a9, type: 3}
      propertyPath: m_LocalPosition.x
      value: 0
      objectReference: {fileID: 0}
    - target: {fileID: 1601078720653862693, guid: 1d2162818cc1bd94f89fa24c476d16a9, type: 3}
      propertyPath: m_LocalPosition.y
      value: 0
      objectReference: {fileID: 0}
    - target: {fileID: 1601078720653862693, guid: 1d2162818cc1bd94f89fa24c476d16a9, type: 3}
      propertyPath: m_LocalPosition.z
      value: 0
      objectReference: {fileID: 0}
    - target: {fileID: 1601078720653862693, guid: 1d2162818cc1bd94f89fa24c476d16a9, type: 3}
      propertyPath: m_LocalRotation.w
      value: 1
      objectReference: {fileID: 0}
    - target: {fileID: 1601078720653862693, guid: 1d2162818cc1bd94f89fa24c476d16a9, type: 3}
      propertyPath: m_LocalRotation.x
      value: -0
      objectReference: {fileID: 0}
    - target: {fileID: 1601078720653862693, guid: 1d2162818cc1bd94f89fa24c476d16a9, type: 3}
      propertyPath: m_LocalRotation.y
      value: -0
      objectReference: {fileID: 0}
    - target: {fileID: 1601078720653862693, guid: 1d2162818cc1bd94f89fa24c476d16a9, type: 3}
      propertyPath: m_LocalRotation.z
      value: -0
      objectReference: {fileID: 0}
    - target: {fileID: 1601078720653862693, guid: 1d2162818cc1bd94f89fa24c476d16a9, type: 3}
      propertyPath: m_LocalEulerAnglesHint.x
      value: 0
      objectReference: {fileID: 0}
    - target: {fileID: 1601078720653862693, guid: 1d2162818cc1bd94f89fa24c476d16a9, type: 3}
      propertyPath: m_LocalEulerAnglesHint.y
      value: 0
      objectReference: {fileID: 0}
    - target: {fileID: 1601078720653862693, guid: 1d2162818cc1bd94f89fa24c476d16a9, type: 3}
      propertyPath: m_LocalEulerAnglesHint.z
      value: 0
      objectReference: {fileID: 0}
    - target: {fileID: 2122317139098664351, guid: 1d2162818cc1bd94f89fa24c476d16a9, type: 3}
      propertyPath: m_Name
      value: weapon_catapult
      objectReference: {fileID: 0}
    m_RemovedComponents: []
  m_SourcePrefab: {fileID: 100100000, guid: 1d2162818cc1bd94f89fa24c476d16a9, type: 3}
--- !u!4 &8006313141992722923 stripped
Transform:
  m_CorrespondingSourceObject: {fileID: 1601078720653862693, guid: 1d2162818cc1bd94f89fa24c476d16a9, type: 3}
  m_PrefabInstance: {fileID: 8729119566565095118}
  m_PrefabAsset: {fileID: 0}
--- !u!1001 &8925508377013122555
PrefabInstance:
  m_ObjectHideFlags: 0
  serializedVersion: 2
  m_Modification:
    m_TransformParent: {fileID: 7202929412669228418}
    m_Modifications:
    - target: {fileID: -8952833346479522371, guid: fd301bc97e4a1b04e8aa7670e23271e5, type: 3}
      propertyPath: m_LocalRotation.w
      value: 0.7071068
      objectReference: {fileID: 0}
    - target: {fileID: -8952833346479522371, guid: fd301bc97e4a1b04e8aa7670e23271e5, type: 3}
      propertyPath: m_LocalRotation.x
      value: 0.7071068
      objectReference: {fileID: 0}
    - target: {fileID: -8952833346479522371, guid: fd301bc97e4a1b04e8aa7670e23271e5, type: 3}
      propertyPath: m_LocalRotation.y
      value: 0
      objectReference: {fileID: 0}
    - target: {fileID: -8952833346479522371, guid: fd301bc97e4a1b04e8aa7670e23271e5, type: 3}
      propertyPath: m_LocalRotation.z
      value: 0
      objectReference: {fileID: 0}
    - target: {fileID: -8952833346479522371, guid: fd301bc97e4a1b04e8aa7670e23271e5, type: 3}
      propertyPath: m_LocalEulerAnglesHint.x
      value: 90
      objectReference: {fileID: 0}
    - target: {fileID: -8679921383154817045, guid: fd301bc97e4a1b04e8aa7670e23271e5, type: 3}
      propertyPath: m_RootOrder
      value: 2
      objectReference: {fileID: 0}
    - target: {fileID: -8679921383154817045, guid: fd301bc97e4a1b04e8aa7670e23271e5, type: 3}
      propertyPath: m_LocalScale.x
      value: 0.40000013
      objectReference: {fileID: 0}
    - target: {fileID: -8679921383154817045, guid: fd301bc97e4a1b04e8aa7670e23271e5, type: 3}
      propertyPath: m_LocalScale.y
      value: 0.4
      objectReference: {fileID: 0}
    - target: {fileID: -8679921383154817045, guid: fd301bc97e4a1b04e8aa7670e23271e5, type: 3}
      propertyPath: m_LocalScale.z
      value: 0.40000013
      objectReference: {fileID: 0}
    - target: {fileID: -8679921383154817045, guid: fd301bc97e4a1b04e8aa7670e23271e5, type: 3}
      propertyPath: m_LocalPosition.x
      value: 1.03
      objectReference: {fileID: 0}
    - target: {fileID: -8679921383154817045, guid: fd301bc97e4a1b04e8aa7670e23271e5, type: 3}
      propertyPath: m_LocalPosition.y
      value: 0
      objectReference: {fileID: 0}
    - target: {fileID: -8679921383154817045, guid: fd301bc97e4a1b04e8aa7670e23271e5, type: 3}
      propertyPath: m_LocalPosition.z
      value: -2.532
      objectReference: {fileID: 0}
    - target: {fileID: -8679921383154817045, guid: fd301bc97e4a1b04e8aa7670e23271e5, type: 3}
      propertyPath: m_LocalRotation.w
      value: 0
      objectReference: {fileID: 0}
    - target: {fileID: -8679921383154817045, guid: fd301bc97e4a1b04e8aa7670e23271e5, type: 3}
      propertyPath: m_LocalRotation.x
      value: -0
      objectReference: {fileID: 0}
    - target: {fileID: -8679921383154817045, guid: fd301bc97e4a1b04e8aa7670e23271e5, type: 3}
      propertyPath: m_LocalRotation.y
      value: 1
      objectReference: {fileID: 0}
    - target: {fileID: -8679921383154817045, guid: fd301bc97e4a1b04e8aa7670e23271e5, type: 3}
      propertyPath: m_LocalRotation.z
      value: -0
      objectReference: {fileID: 0}
    - target: {fileID: -8679921383154817045, guid: fd301bc97e4a1b04e8aa7670e23271e5, type: 3}
      propertyPath: m_LocalEulerAnglesHint.x
      value: 0
      objectReference: {fileID: 0}
    - target: {fileID: -8679921383154817045, guid: fd301bc97e4a1b04e8aa7670e23271e5, type: 3}
      propertyPath: m_LocalEulerAnglesHint.y
      value: 180
      objectReference: {fileID: 0}
    - target: {fileID: -8679921383154817045, guid: fd301bc97e4a1b04e8aa7670e23271e5, type: 3}
      propertyPath: m_LocalEulerAnglesHint.z
      value: 0
      objectReference: {fileID: 0}
    - target: {fileID: -1662959652027299882, guid: fd301bc97e4a1b04e8aa7670e23271e5, type: 3}
      propertyPath: m_LocalRotation.w
      value: 0.7071068
      objectReference: {fileID: 0}
    - target: {fileID: -1662959652027299882, guid: fd301bc97e4a1b04e8aa7670e23271e5, type: 3}
      propertyPath: m_LocalRotation.x
      value: 0.7071068
      objectReference: {fileID: 0}
    - target: {fileID: -1662959652027299882, guid: fd301bc97e4a1b04e8aa7670e23271e5, type: 3}
      propertyPath: m_LocalRotation.y
      value: 0
      objectReference: {fileID: 0}
    - target: {fileID: -1662959652027299882, guid: fd301bc97e4a1b04e8aa7670e23271e5, type: 3}
      propertyPath: m_LocalRotation.z
      value: 0
      objectReference: {fileID: 0}
    - target: {fileID: -1662959652027299882, guid: fd301bc97e4a1b04e8aa7670e23271e5, type: 3}
      propertyPath: m_LocalEulerAnglesHint.x
      value: 90
      objectReference: {fileID: 0}
    - target: {fileID: 919132149155446097, guid: fd301bc97e4a1b04e8aa7670e23271e5, type: 3}
      propertyPath: m_Name
      value: knightRed (1)
      objectReference: {fileID: 0}
    m_RemovedComponents: []
  m_SourcePrefab: {fileID: 100100000, guid: fd301bc97e4a1b04e8aa7670e23271e5, type: 3}
--- !u!4 &8959770623003759120 stripped
Transform:
  m_CorrespondingSourceObject: {fileID: -8679921383154817045, guid: fd301bc97e4a1b04e8aa7670e23271e5, type: 3}
  m_PrefabInstance: {fileID: 8925508377013122555}
  m_PrefabAsset: {fileID: 0}
